<?xml version="1.0" encoding="UTF-8"?><record xmlns="http://www.loc.gov/MARC21/slim" xmlns:cinclude="http://apache.org/cocoon/include/1.0" xmlns:zs="http://www.loc.gov/zing/srw/">
  <leader>00378nz  a2200133n  4500</leader>
  <controlfield tag="001">no2005031572</controlfield>
  <controlfield tag="003">DLC</controlfield>
  <controlfield tag="005">20050406052050.0</controlfield>
  <controlfield tag="008">050405n| acannaabn          |n aaa     c</controlfield>
  <datafield tag="010" ind1=" " ind2=" ">
    <subfield code="a">no2005031572</subfield>
  </datafield>
  <datafield tag="035" ind1=" " ind2=" ">
    <subfield code="a">(OCoLC)oca06601319</subfield>
  </datafield>
  <datafield tag="040" ind1=" " ind2=" ">
    <subfield code="a">MnMpUMNX</subfield>
    <subfield code="b">eng</subfield>
    <subfield code="c">MnMpUMNX</subfield>
  </datafield>
  <datafield tag="100" ind1="1" ind2=" ">
    <subfield code="a">Lomell, Heidi Mork</subfield>
  </datafield>
  <datafield tag="670" ind1=" " ind2=" ">
    <subfield code="a">Forskning om menneskerettigheter i Norge, 1999:</subfield>
    <subfield code="b">t.p. (Heidi Mork Lomell)</subfield>
  </datafield>
</record>